@book{RTS,
  title = {{Analysable Real-Time Systems}, Programmed in Ada},
  author = {Burns, Alan and Wellins, Andy},
  year = {2009},
  publisher = {Createspace Independent Publishing Platform}
}

@misc{ARDUINO,
  title = {{Arduino Nano 33 BLE Sense}, arduino.cc},
  howpublished = "\url{https://store.arduino.cc/arduino-nano-33-ble-sense-with-headers}",
  note = {Accessed: October-20},
}

@misc{ADADRIVERSLIBRARY,
  title = {{Ada\_Drivers\_Library}, github.com},
  howpublished = "\url{https://github.com/AdaCore/Ada_Drivers_Library}",
  note = {Accessed: October-20},
}

@misc{BBRUNTIMES,
  title = {{bb-runtimes}, github.com},
  howpublished = "\url{https://github.com/AdaCore/bb-runtimes}",
  note = {Accessed: October-20},
}

@misc{SLIDES,
  title = {{DSA3102 slides}, canvas},
  author = {Gundersen, Henning},
  howpublished = "\url{https://usn.instructure.com/courses/22239/files}",
  note = {Accessed: October-20},
}

@manual{NRF52840,
    organization  = "Nordic Semiconductors",
    title         = "nRF52840",
    number        = "4413_417",
    year          =  2009,
    month         =  2,    
    note          = "v1.1"
}
